@BOOK{Glindemann,
   author = {{Glindemann}, A.},
    title = "{Principles of Stellar Interferometry}",
 keywords = {Physics},
booktitle = {Principles of Stellar Interferometry: , Astronomy and Astrophysics Library.~ISBN 978-3-642-15027-2.~Springer-Verlag Berlin Heidelberg, 2011},
     year = 2011,
      doi = {10.1007/978-3-642-15028-9},
   adsurl = {http://adsabs.harvard.edu/abs/2011psi..book.....G},
  adsnote = {Provided by the SAO/NASA Astrophysics Data System}
}



@book{saleh_teich,
   title =     {Fundamentals of Photonics },
   author =    {Bahaa E. A. Saleh, Malvin Carl Teich},
   publisher = {Wiley-Interscience},
   isbn =      {9780471358329,0471358320},
   year =      {2007},
   series =    {Wiley Series in Pure and Applied Optics},
   edition =   {2},
   volume =    {}
   }
   
@book{marcuse,
   title =     {Theory of Dielectric Optical Waveguides},
   author =    { Dietrich Marcuse
,Paul Liao (Eds.)},
   publisher = {Academic Press},
   isbn =      {978-0-12-470951-5,0-12-470951-6},
   year =      {1991},
   series =    {},
   edition =   {2 Sub},
   volume =    {}
   
}

@article{Saviauk,
author = {Saviauk, Allar and Minardi, Stefano and Dreisow, Felix and Nolte, Stefan and Pertsch, Thomas},
year = {2013},
month = {07},
pages = {4556-4565},
title = {3D-integrated optics component for astronomical spectro-interferometry},
volume = {52},
booktitle = {Applied optics}
}

@article{Diener2017,
author = {Romina Diener and Jan Tepper and Lucas Labadie and Thomas Pertsch and Stefan Nolte and Stefano
Minardi},
year = {2017},
month = {08},
pages = {19262},
title = {Towards 3D-photonic, multi-telescope beam combiners for mid-infrared astrointerferometry},
volume = {25},
booktitle = {Optics Express}
}

@article{tatulli,

author = {Tatulli, Eric and Millour, F and Chelli, A and Duvert, Gilles and Acke, Bram and Hernandez Utrera, Oscar and H. Hofmann, K and Kraus, S and Malbet, Fabien and Pierre, Mege and Petrov, Romain and Vannier, Michael and Zins, Gerard and Antonelli, P and Beckmann, Udo and Bresson, Y and Dugue, Michel and Gennari, S and Gl√ºck, L and Ventura, Noemi},

year = {2007},

month = {03},

pages = {},

title = {Interferometric data reduction with AMBER/VLTI. Principle, estimators, and illustration},

volume = {464},

booktitle = {http://dx.doi.org/10.1051/0004-6361:20064799}

}

@article{saviauk,

author = {Saviauk, Allar and Minardi, Stefano and Dreisow, Felix and Nolte, Stefan and Pertsch, Thomas},

year = {2013},

month = {07},

pages = {4556-4565},

title = {3D-integrated optics component for astronomical spectro-interferometry},

volume = {52},

booktitle = {Applied optics}

}

@phdthesis{labeye,
  TITLE = {{Integrated optics components for stellar interferometry}},
  AUTHOR = {Labeye, Pierre},
  URL = {https://tel.archives-ouvertes.fr/tel-00870937},
  NUMBER = {2008INPG0008},
  SCHOOL = {{Institut National Polytechnique de Grenoble - INPG}},
  YEAR = {2008},
  MONTH = Feb,
  KEYWORDS = {integrated optics ; interferometry ; stellar interferometry ; optique int{\'e}gr{\'e}e ; interf{\'e}rom{\'e}trie ; interf{\'e}rom{\'e}trie astronomique},
  TYPE = {Theses},
  PDF = {https://tel.archives-ouvertes.fr/tel-00870937/file/theselabeye.pdf},
  HAL_ID = {tel-00870937},
  HAL_VERSION = {v1},
}

@article{minardi1,
author = {Minardi, S.},
title = {Photonic lattices for astronomical interferometry},
journal = {Monthly Notices of the Royal Astronomical Society},
volume = {422},
number = {3},
pages = {2656-2660},
year = {2012},
doi = {10.1111/j.1365-2966.2012.20832.x},
URL = {http://dx.doi.org/10.1111/j.1365-2966.2012.20832.x},
eprint = {/oup/backfile/content_public/journal/mnras/422/3/10.1111_j.1365-2966.2012.20832.x/1/mnras0422-2656.pdf}
}
